<?xml version="1.0" encoding="UTF-8"?><collection xmlns="http://www.loc.gov/MARC21/slim"><record><leader>00642nam--2200181-i-4500</leader><controlfield tag="001">000013937</controlfield><controlfield tag="002">20161230</controlfield><controlfield tag="005">20161230201030</controlfield><controlfield tag="008">060222s1000------------r-----000-0-eng-d</controlfield><datafield ind1=" " ind2=" " tag="040"><subfield code="a">IFIN-HH</subfield></datafield><datafield ind1=" " ind2=" " tag="080"><subfield code="a">539.12.04:621.039.83(061.3)</subfield></datafield><datafield ind1="1" ind2=" " tag="110"><subfield code="a">Hahn-meitner-institut Fur Kernforschung</subfield></datafield><datafield ind1="1" ind2="0" tag="245"><subfield code="a">Gfw-handbuck fur datensammlung strahlungsgetesteter elektronischer bauteile</subfield><subfield code="b">Gfw-handbook for data compilation of irradiation tested electronic components</subfield></datafield><datafield ind1=" " ind2=" " tag="250"><subfield code="a">Second Edition</subfield></datafield><datafield ind1=" " ind2=" " tag="260"><subfield code="a">Berlin</subfield><subfield code="b">Hahn-meitner-institut Fur Kernforschung</subfield><subfield code="c">1981</subfield></datafield><datafield ind1=" " ind2=" " tag="300"><subfield code="a">/PAG.DIF.</subfield></datafield><datafield ind1=" " ind2=" " tag="852"><subfield code="a">71056</subfield><subfield code="c">539.12.04</subfield></datafield><datafield ind1=" " ind2=" " tag="CAT"><subfield code="a">Sys</subfield><subfield code="c">20120210</subfield><subfield code="h">123125</subfield></datafield></record></collection>